%% This BibTeX bibliography file was created using BibDesk.
%% https://bibdesk.sourceforge.io/

%% Created for circle at 2022-01-01 14:57:39 +0800 


%% Saved with string encoding Unicode (UTF-8) 



@book{zhang17,
	author = {张兆顺 and 崔桂香 and 许春晓 and 黄伟希},
	date-added = {2022-01-01 14:55:35 +0800},
	date-modified = {2022-01-01 14:57:39 +0800},
	publisher = {清华大学出版社},
	title = {湍流理论与模型},
	year = {2017}}

@article{Emily02,
	author = {Ching, Emily S.C. and She, Zhensu and Su, Weidong and Zou, Zhengping},
	date-added = {2021-12-30 23:11:57 +0800},
	date-modified = {2021-12-30 23:12:26 +0800},
	doi = {10.1103/PhysRevE.65.066303},
	journal = {Physical review. E, Statistical, nonlinear, and soft matter physics},
	month = {07},
	pages = {066303},
	title = {Extended Self-Similarity and Hierarchical Structure in Turbulence},
	volume = {65},
	year = {2002},
	bdsk-url-1 = {https://doi.org/10.1103/PhysRevE.65.066303}}

@book{pop,
	author = {Stephen B. Pope},
	date-added = {2021-12-25 15:23:45 +0800},
	date-modified = {2021-12-25 15:23:45 +0800},
	editor = {1st},
	publisher = {Cambridge Univ. Press},
	title = {Turbulent Flows},
	year = {2000}}

@book{pan,
	author = {S. 潘契夫},
	date-added = {2021-11-24 22:14:14 +0800},
	date-modified = {2021-11-24 22:15:39 +0800},
	publisher = {科学出版社},
	title = {随机函数和湍流},
	year = {1976}}

@article{10.2307/96557,
	author = {G. I. Taylor},
	issn = {00804630},
	journal = {Proceedings of the Royal Society of London. Series A, Mathematical and Physical Sciences},
	number = {873},
	pages = {421--444},
	publisher = {The Royal Society},
	title = {Statistical Theory of Turbulence},
	url = {http://www.jstor.org/stable/96557},
	volume = {151},
	year = {1935},
	bdsk-url-1 = {http://www.jstor.org/stable/96557}}

@book{feller,
	author = {William Feller},
	date-added = {2021-10-30 20:02:43 +0800},
	date-modified = {2021-10-30 20:06:12 +0800},
	publisher = {人民邮电出版社},
	title = {概率论及其应用},
	volume = {2},
	year = {2008}}

@book{wangzikun,
	author = {王梓坤},
	date-added = {2021-10-29 15:23:28 +0800},
	date-modified = {2021-10-29 15:25:13 +0800},
	publisher = {北京师范大学出版社},
	title = {概率论基础及其应用},
	year = {2018}}

@book{suiji,
	author = {熊大国},
	date-added = {2021-10-26 15:40:58 +0800},
	date-modified = {2021-10-26 15:41:37 +0800},
	publisher = {国防工业出版社},
	title = {随机过程理论与应用},
	year = {1991}}

@book{THU-stat,
	author = {葛余博},
	date-added = {2021-10-25 15:20:22 +0800},
	date-modified = {2021-10-25 15:25:57 +0800},
	publisher = {清华大学出版社},
	title = {概率论与数理统计},
	year = {2005}}

@book{Swendsen,
	author = {Robert H. Swendsen},
	date-added = {2021-10-25 09:52:37 +0800},
	date-modified = {2021-10-25 09:55:13 +0800},
	publisher = {Oxford University Press},
	title = {An Introduction to Statistical Mechanics and Thermodynamics},
	year = {2012}}

@book{wu_vortical_flows,
	author = {Jie-Zhi Wu},
	date-added = {2021-10-07 14:28:48 +0800},
	date-modified = {2021-10-07 14:30:20 +0800},
	publisher = {Springer},
	title = {Vortical Flows},
	year = {2015}}

@book{Frisch_Turbulence,
	author = {Uriel Frisch},
	date-added = {2021-10-02 23:32:29 +0800},
	date-modified = {2021-10-02 23:34:25 +0800},
	publisher = {Cambridge University Press},
	title = {Turbulence, The legacy of A.N. Kolmogorov},
	year = {1995}}

@book{shi,
	author = {是勋刚},
	date-added = {2021-09-28 20:24:12 +0800},
	date-modified = {2021-09-28 20:25:15 +0800},
	publisher = {天津大学出版社},
	title = {湍流},
	year = {1994}}

@article{yang_su_wu_2010,
	author = {YANG, Y.-T. and SU, W.-D. and WU, J.-Z.},
	doi = {10.1017/S0022112010003071},
	journal = {Journal of Fluid Mechanics},
	pages = {91--122},
	publisher = {Cambridge University Press},
	title = {Helical-wave decomposition and applications to channel turbulence with streamwise rotation},
	volume = {662},
	year = {2010},
	bdsk-url-1 = {https://doi.org/10.1017/S0022112010003071}}

@article{10.2307/98337,
	author = {W. Heisenberg},
	issn = {00804630},
	journal = {Proceedings of the Royal Society of London. Series A, Mathematical and Physical Sciences},
	number = {1042},
	pages = {402--406},
	publisher = {The Royal Society},
	title = {On the Theory of Statistical and Isotropic Turbulence},
	url = {http://www.jstor.org/stable/98337},
	volume = {195},
	year = {1948},
	bdsk-url-1 = {http://www.jstor.org/stable/98337}}

@article{PaoYH,
	author = {Pao,Yih‐Ho},
	doi = {10.1063/1.1761356},
	eprint = {https://aip.scitation.org/doi/pdf/10.1063/1.1761356},
	journal = {The Physics of Fluids},
	number = {6},
	pages = {1063-1075},
	title = {Structure of Turbulent Velocity and Scalar Fields at Large Wavenumbers},
	url = {https://aip.scitation.org/doi/abs/10.1063/1.1761356},
	volume = {8},
	year = {1965},
	bdsk-url-1 = {https://aip.scitation.org/doi/abs/10.1063/1.1761356},
	bdsk-url-2 = {https://doi.org/10.1063/1.1761356}}

@inproceedings{kolmogorov1941dit,
	added-at = {2009-01-20T18:15:21.000+0100},
	author = {Kolmogorov, A. N.},
	biburl = {https://www.bibsonomy.org/bibtex/26d445f31f56039166b3705f9e66fd2ff/gswelter},
	booktitle = {Dokl. Akad. Nauk SSSR},
	interhash = {50dc78e4da4631fb7bcee9d2a9ff7bfd},
	intrahash = {6d445f31f56039166b3705f9e66fd2ff},
	keywords = {imported},
	pages = {538--540},
	timestamp = {2009-01-20T18:15:21.000+0100},
	title = {{On degeneration of isotropic turbulence in an incompressible viscous liquid}},
	volume = 31,
	year = 1941}

@article{PhysRevLett.72.336,
	author = {She, Zhen-Su and Leveque, Emmanuel},
	doi = {10.1103/PhysRevLett.72.336},
	issue = {3},
	journal = {Phys. Rev. Lett.},
	month = {Jan},
	numpages = {0},
	pages = {336--339},
	publisher = {American Physical Society},
	title = {Universal scaling laws in fully developed turbulence},
	url = {https://link.aps.org/doi/10.1103/PhysRevLett.72.336},
	volume = {72},
	year = {1994},
	bdsk-url-1 = {https://link.aps.org/doi/10.1103/PhysRevLett.72.336},
	bdsk-url-2 = {https://doi.org/10.1103/PhysRevLett.72.336}}

@article{kolmogorov_1962,
	author = {Kolmogorov, A. N.},
	doi = {10.1017/S0022112062000518},
	journal = {Journal of Fluid Mechanics},
	number = {1},
	pages = {82--85},
	publisher = {Cambridge University Press},
	title = {A refinement of previous hypotheses concerning the local structure of turbulence in a viscous incompressible fluid at high Reynolds number},
	volume = {13},
	year = {1962},
	bdsk-url-1 = {https://doi.org/10.1017/S0022112062000518}}
