%% This BibTeX bibliography file was created using BibDesk.
%% https://bibdesk.sourceforge.io/

%% Created for circle at 2021-10-07 14:30:20 +0800 


%% Saved with string encoding Unicode (UTF-8) 



@book{wu_vortical_flows,
	author = {Jie-Zhi Wu},
	date-added = {2021-10-07 14:28:48 +0800},
	date-modified = {2021-10-07 14:30:20 +0800},
	publisher = {Springer},
	title = {Vortical Flows},
	year = {2015}}

@book{Frisch_Turbulence,
	author = {Uriel Frisch},
	date-added = {2021-10-02 23:32:29 +0800},
	date-modified = {2021-10-02 23:34:25 +0800},
	publisher = {Cambridge University Press},
	title = {Turbulence, The legacy of A.N. Kolmogorov},
	year = {1995}}

@book{shi,
	author = {是勋刚},
	date-added = {2021-09-28 20:24:12 +0800},
	date-modified = {2021-09-28 20:25:15 +0800},
	publisher = {天津大学出版社},
	title = {湍流},
	year = {1994}}

@article{yang_su_wu_2010,
	author = {YANG, Y.-T. and SU, W.-D. and WU, J.-Z.},
	doi = {10.1017/S0022112010003071},
	journal = {Journal of Fluid Mechanics},
	pages = {91--122},
	publisher = {Cambridge University Press},
	title = {Helical-wave decomposition and applications to channel turbulence with streamwise rotation},
	volume = {662},
	year = {2010},
	bdsk-url-1 = {https://doi.org/10.1017/S0022112010003071}}
