%% This BibTeX bibliography file was created using BibDesk.
%% https://bibdesk.sourceforge.io/

%% Created for circle at 2021-11-13 11:36:03 +0800


%% Saved with string encoding Unicode (UTF-8)

@article{10.2307/96557,
   ISSN = {00804630},
   URL = {http://www.jstor.org/stable/96557},
   author = {G. I. Taylor},
   journal = {Proceedings of the Royal Society of London. Series A, Mathematical and Physical Sciences},
   number = {873},
   pages = {421--444},
   publisher = {The Royal Society},
   title = {Statistical Theory of Turbulence},
   volume = {151},
   year = {1935}
}



@book{feller,
   author = {William Feller},
   date-added = {2021-10-30 20:02:43 +0800},
   date-modified = {2021-10-30 20:06:12 +0800},
   publisher = {人民邮电出版社},
   title = {概率论及其应用},
   volume = {2},
   year = {2008}}

@book{wangzikun,
   author = {王梓坤},
   date-added = {2021-10-29 15:23:28 +0800},
   date-modified = {2021-10-29 15:25:13 +0800},
   publisher = {北京师范大学出版社},
   title = {概率论基础及其应用},
   year = {2018}}

@book{suiji,
   author = {熊大国},
   date-added = {2021-10-26 15:40:58 +0800},
   date-modified = {2021-10-26 15:41:37 +0800},
   publisher = {国防工业出版社},
   title = {随机过程理论与应用},
   year = {1991}}

@book{THU-stat,
   author = {葛余博},
   date-added = {2021-10-25 15:20:22 +0800},
   date-modified = {2021-10-25 15:25:57 +0800},
   publisher = {清华大学出版社},
   title = {概率论与数理统计},
   year = {2005}}

@book{Swendsen,
   author = {Robert H. Swendsen},
   date-added = {2021-10-25 09:52:37 +0800},
   date-modified = {2021-10-25 09:55:13 +0800},
   publisher = {Oxford University Press},
   title = {An Introduction to Statistical Mechanics and Thermodynamics},
   year = {2012}}

@book{wu_vortical_flows,
   author = {Jie-Zhi Wu},
   date-added = {2021-10-07 14:28:48 +0800},
   date-modified = {2021-10-07 14:30:20 +0800},
   publisher = {Springer},
   title = {Vortical Flows},
   year = {2015}}

@book{Frisch_Turbulence,
   author = {Uriel Frisch},
   date-added = {2021-10-02 23:32:29 +0800},
   date-modified = {2021-10-02 23:34:25 +0800},
   publisher = {Cambridge University Press},
   title = {Turbulence, The legacy of A.N. Kolmogorov},
   year = {1995}}

@book{shi,
   author = {是勋刚},
   date-added = {2021-09-28 20:24:12 +0800},
   date-modified = {2021-09-28 20:25:15 +0800},
   publisher = {天津大学出版社},
   title = {湍流},
   year = {1994}}

@article{yang_su_wu_2010,
   author = {YANG, Y.-T. and SU, W.-D. and WU, J.-Z.},
   doi = {10.1017/S0022112010003071},
   journal = {Journal of Fluid Mechanics},
   pages = {91--122},
   publisher = {Cambridge University Press},
   title = {Helical-wave decomposition and applications to channel turbulence with streamwise rotation},
   volume = {662},
   year = {2010},
   bdsk-url-1 = {https://doi.org/10.1017/S0022112010003071}}
